% Bibliography file for all citations throughout the master thesis
@inproceedings{dalal2005histograms,
    title={Histograms of oriented gradients for human detection},
    author={Dalal, Navneet and Triggs, Bill},
    booktitle={Computer Vision and Pattern Recognition, 2005. CVPR 2005.
        IEEE Computer Society Conference on},
    volume={1},
    pages={886--893},
    year={2005},
    organization={IEEE}
}

@inproceedings{felzenszwalb2008discriminatively,
    title={A discriminatively trained, multiscale, deformable part model},
    author={Felzenszwalb, Pedro and McAllester, David and Ramanan, Deva},
    booktitle={Computer Vision and Pattern Recognition, 2008. CVPR 2008.
        IEEE Conference on},
    pages={1--8},
    year={2008},
    organization={IEEE}
}

@article{aanaes2012interesting,
    title={Interesting interest points},
    author={Aan{\ae}s, Henrik and Dahl, Anders Lindbjerg and Pedersen, Kim
        Steenstrup},
    journal={International Journal of Computer Vision},
    volume={97},
    number={1},
    pages={18--35},
    year={2012},
    publisher={Springer}
}

@inproceedings{dahl2011finding,
    title={Finding the best feature detector-descriptor combination},
    author={Dahl, Anders Lindbjerg and Aan{\ae}s, Henrik and Pedersen, Kim
        Steenstrup},
    booktitle={3D Imaging, Modeling, Processing, Visualization and
        Transmission (3DIMPVT), 2011 International Conference on},
    pages={318--325},
    year={2011},
    organization={IEEE}
}

@article{crosier2010using,
    title={Using basic image features for texture classification},
    author={Crosier, Michael and Griffin, Lewis D},
    journal={International Journal of Computer Vision},
    volume={88},
    number={3},
    pages={447--460},
    year={2010},
    publisher={Springer}
}

@incollection{larsen2012jet,
    title={Jet-based local image descriptors},
    author={Larsen, Anders Boesen Lindbo and Darkner, Sune and Dahl, Anders
        Lindbjerg and Pedersen, Kim Steenstrup},
    booktitle={Computer Vision--ECCV 2012},
    pages={638--650},
    year={2012},
    publisher={Springer}
}

@inproceedings{pedersen2013shape,
    title={Shape Index Descriptors Applied to Texture-Based Galaxy Analysis},
    author={Pedersen, Kim Steenstrup and Stensbo-Smidt, Kristoffer and Zirm,
        Andrew and Igel, Christian}
    booktitle={Computer Vision (ICCV), Conference on},
    pages={2440-2447},
    year={2013},
    organization={IEEE}
}

@inproceedings{vondrick2013hog,
    title={HOG-gles: Visualizing Object Detection Features},
    author={Vondrick, Carl and Khosla, Aditya and Malisiewicz, Tomasz and
        Torralba, Antonio},
    booktitle={Computer Vision (ICCV), 2013 IEEE International Conference
        on},
    year={2013}
}

@article{lowe2004distinctive,
    title={Distinctive image features from scale-invariant keypoints},
    author={Lowe, David G},
    journal={International journal of computer vision},
    volume={60},
    number={2},
    pages={91--110},
    year={2004},
    publisher={Springer}
}

@article{smeulders2000content,
    author = {Smeulders, Arnold W. M. and Worring, Marcel and Santini, Simone
        and Gupta, Amarnath and Jain, Ramesh},
    title = {Content-Based Image Retrieval at the End of the Early Years},
    journal = {IEEE Trans. Pattern Anal. Mach. Intell.},
    issue_date = {December 2000},
    volume = {22},
    number = {12},
    month = dec,
    year = {2000},
    issn = {0162-8828},
    pages = {1349--1380},
    numpages = {32},
    url = {http://dx.doi.org/10.1109/34.895972},
    doi = {10.1109/34.895972},
    acmid = {357873},
    publisher = {IEEE Computer Society},
    address = {Washington, DC, USA},
    keywords = {Review, content based, retrieval, semantic gap,
        sensory gap, narrow domain, broad domain, weak
            segmentation, accumulative features, salient
            features, signs, structural features, similarity,
        semantic interpretation, query space, display space,
        interactive session, indexing, architecture,
        evaluation, image databases.},
} 

@article{koenderink1992surface,
    title={Surface shape and curvature scales},
    author={Koenderink, Jan J and van Doorn, Andrea J},
    journal={Image and vision computing},
    volume={10},
    number={8},
    pages={557--564},
    year={1992},
    publisher={Elsevier}
}
